@Manual{sysbench,
  title  = {Sysbench Manual},
  author = {Alexey Kopytov},
  year   = {2004},
  url    = {http://imysql.com/wp-content/uploads/2014/10/sysbench-manual.pdf},
}
@Manual{stressng,
  title = {Stress-ng Manual},
  year  = {2018},
  url   = {http://kernel.ubuntu.com/~cking/stress-ng/stress-ng.pdf},
}